%
% Journal Names/Abbreviations
%
@string{ACMTOMS = "{ACM} T. Math. Software"}
@string{AdvancesINWaterResources = {Adv. Water Resour.}}
@string{AppliedMathematicsANDComputation ={Appl. Math. Comput.}}
@string{AppliedNumericalMathematics = {Appl. Num. Math.}}
@string{AnnualReviewOFFluidMechanics = {Annu. Rev. Fluid. Mech.}}
@string{ComputationalGeosciences = {Computat. Geosci.}}
@string{ComputingINScienceANDEngineering = { Comput. Sci. Eng.}}
@string{ComputerMethodsINAppliedMechanicsANDEngineering = {Comput. Methods Appl. Mech. Engrg.}},
@string{ComputersANDMathematics = {Comput. Math. Appl.}}
@string{CompositesScienceANDTechnology = { Compos. Sci. Technol.}}
@string{EarthANDPlanetaryScienceLetters = {Earth. Planet. Sc. Lett.}}
@string{EnvironmentalFluidMechanics = {Environ. Fluid Mech.}}
@string{EnvironmentalScienceTechnology = {Environ. Sci. Technol.}}
@string{ElectronicTransactionsONNumericalAnalysis = {Electron. T. Numer. Ana.}}
@string{FutureGenerationComputerSystems = {Future Gener. Comp. Sy.}}
@string{Geothemics = {Geothermics}}
@string{IEEETransactionsONElectronDevices = "{IEEE} Trans. Electron Devices"}
@string{IJOFComputationalScienceANDEngineering = {Int. J. Comput. Sci. Eng.}}
@string{IJOFNonlinearScience = {Int. J. Nonlinear Sci.}}
@string{IJOFRockMechanicsANDMiningSciences = {Int. J. Rock Mech. Min.}}
@string{JournalOFAppliedPhysics = {J. Appl. Phys.}}
@string{JournalOFComputationalANDAppliedMathematics = {J. Comp. Appl. Math.}}
@string{JournalOFComputationalPhysics = {J. Comput. Phys.}}
@string{JournalOFPhysicsConferenceSeries = {J. Phys. Conf. Ser.}}
@string{JournalOFHydrology = {J. Hydrol.}}
@string{JournalOFNanoparticleResearch = {J. Nanopart. Res.}}
@string{JournalOFPetroleumTechnology = {J. Petrol. Technol.}}
@string{JournalOFPetroleumScienceANDEngineering = {J. Petrol. Sci. Eng.}}
@string{JournalOFStochasticHydrologyANDHydraulics = {J. Stochastic Hydrology and Hydraulics}}
@string{LinearAlgebra = "Linear Algebr. Appl."}
@string{MathematicalModelling = "Math. Model. Numer. Anal."}
@string{MathematicsOFComputation = "Math. Comput."}
@string{MathematicalGeology = {Mathematical Geology}}
@string{MathUSSRsb = "Math. {USSR} Sbornik"}
@string{MonthlyWeatherReview = {Mon. Weather Rev.}}
@string{MultiscaleModelingANDSimulation = {Multiscale Model. Sim.}}
@string{NuclearScienceANDEngineering = {Nucl. Sci. Eng.}}
@string{NuclearTechnology = "Nucl. Technol."}
@string{NumericalHeatTransfer = "Numer. Heat Transf."}
@string{NumerishceMathematik = "Numer. Math."}
@string{NumericalMethodsFORPartialDifferentialEquations = {Numer. Meth. Part. D. E.}}
@string{NumLinAlg = {J. Numer. Lin. Alg. App.}}
@string{ProceedingsNationalAcademyScienceUS = {P. Natl. Acad. Sci. USA}}
@string{ProgressNuclearEnergy = "Prog. Nucl. Energy"}
@string{PhysicsOFPlasmas = {Phys. Plasmas}}
@string{ReviewsOFGeophysics = {Rev. Geophys.}}
@string{SIAMRev = "{SIAM} Review"}
@string{SIAMJournalONNumericalAnalysis = "{SIAM} J. Numer. Anal."}
@string{SIAMJournalSISC = "{SIAM} J. Sci. Stat. Comput."}
@string{SIAMJournalSC = "{SIAM} J. Sci. Comput."}
@string{SIAMJournalONScientificComputing = "{SIAM} J. Sci. Comput."}
@string{SIAMJournalComputing = "{SIAM} J. Comput."}
@string{SIAMJournalMatrix = "{SIAM} J. Matrix Anal. Appl."}
@string{StatisticsANDComputing = {Stat. Comput.}}
@string{TransportINPorousMedia = {Transport in Porous Media}}
@string{EosTransactionsOFTHEAmericanGeophysicalUnion = {Eos, Trans. Am. Geophys. Un.}}
@string{TransactionsOFTHEAmericanNuclearSociety = {Trans. Am. Nucl. Soc.}}
@string{VadoseZoneJournal = {Vadose Zone J.}}
@string{WaterResourcesResearch = "Water Resour. Res."}



%
%  ASCEM: Internal reports
%
@TechReport{ASCEM-SiteApps,
  author       = {R. Seitz and M. Freshley and B. Faybishenko
                  and S. Hubbard and D. Watson and R. Roback
                  and J. Blink and A. Armstrong},
  title        = {User Suggestions for ASCEM Requirements Documents},
  institution  = {Savannah River National Laboratory},
  year         = 2010,
  number       = {SRNL-RP-2010-00856}
}

@TECHREPORT{ASCEM-SITE-102010-01,
  author = {Hubbard, Susan et al.},
  title = {ASCEM Phase 1 Demonstration},
  institution = {Pacific Northwest National Laboratory},
  year = 2010,
  number = {ASCEM-SITE-102010-01},
}

@TECHREPORT{ASCEM-HPC-ProcessModels_2010,
  author = {C. Steefel and D. Moulton and P. Lichtner et al.},
  title  = {Mathematical Formulation Requirements and Specifications for the
	    Process Models},
  institution = {Lawerence Berkeley National Laboratory},
  year = 2010,
  number = {ASCEM-HPC-101510-0},
}

@TechReport{ASCEM-HPC-ProcessModels_2011,
  author = 	 {C. Steefel and D. Moulton and P. Lichtner et al.},
  title = 	 {Mathematical Formulation Requirements
                  and Specifications for the Process Models},
  institution =  {Lawerence Berkeley National Laboratory},
  year = 	 2011,
  number = 	 {ASCEM-HPC-2011-01-0a}
}

@TechReport{ASCEM_Amanzi_HighLevelDesign_2012,
  author       = {J. D. Moulton and J. C. Meza and M. W. Buksas and 
                  M. Day et al.},
  title        = {High-Level Design of {A}manzi, 
                  the Multi-Process High Performance Computing Simualtor},
  institution  = {Office of Environmental Management},
  year = 	 2012,
  number = 	 {ASCEM-HPC-2011-03-1 (LANL: {LA-UR}~12-22193)},
  address      = {United States Department of Energy, Washington, DC}
}

@TechReport{ASCEM-PIT-SystemRequirements_2010,
  author = {Gorton et al.},
  title = {System Requirements for ASCEM Platform and Integrated Toolsets},
  institution = {Pacific Northwest National Laboratory},
  year = {2010},
  number = {ASCEM-PIT-102710-03}
}

@TechReport{ASCEM_SITE_Phase_II,
  author       = {M. Freshley and S. Hubbard and I. Gorton and J. D. Moulton
                  and C. I. Steefel and V. Freedman and H. Wainwright 
                  and others},
  title        = {{A}dvanced {S}imulation {C}apability for {E}nvironmental {M}anagement
                 (ASCEM) Phase {II} {D}emonstration},
  institution  = {Office of Environmental Management},
  year         = 2012,
  number       = {ASCEM-SITE-2012-01 (LANL: {LA-UR}~12-25496)},
  address      = {United States Department of Energy, Washington, DC},
  url          = {http://www.osti.gov/bridge/product.biblio.jsp?query_id=1&page=0&osti_id=1055500}
}

% 
%  Project Management: Quality Assurance Documentation
% 
@TechReport{ASCEM-PM-QAP_2010,
  author      =	 {R. {Schrotke, Jr.} and S. Matthews},
  title       =	 {{ASCEM} {P}roject Quality Assurance Plan},
  institution =  {Office of Environmental Management},
  year        =	 2010,
  number      =	 {{ASCEM}-PM-QAP-110810 Rev. 0},
  address      = {United States Department of Energy, Washington, DC}
}

@TechReport{ASCEM-PM-ISQAP-BasicPhase_2012,
  author = 	 {R. {Schrotke, Jr.} and S. Matthews},
  title = 	 {{ASCEM} {I}mplementation {S}oftware {Q}uality {A}ssurance 
                  {P}lan -- {B}asic {P}hase},
  institution  = {Office of Environmental Management},
  year = 	 2012,
  number = 	 {{ASCEM}-PM-2012-01-1},
  address      = {United States Department of Energy, Washington, DC}
}

@TechReport{ASCEM-PM-CM-BasicPhase_2012,
  author = 	 {R. {Schrotke, Jr.} and S. Matthews},
  title = 	 {{ASCEM} {S}oftware {C}onfiguration {M}anagement {P}lan --
                  {B}asic {P}hase},
  institution  = {Office of Environmental Management},
  year = 	 2012,
  number = 	 {{ASCEM}-PM-2012-02-1},
  address      = {United States Department of Energy, Washington, DC}
}

@TechReport{ASCEM-PM-VV-BasicPhase_2012,
  author = 	 {R. {Schrotke, Jr.} and S. Matthews},
  title = 	 {{ASCEM} {S}oftware {V}erification and {V}alidation {P}lan --
                  {B}asic {P}hase},
  institution  = {Office of Environmental Management},
  year = 	 2012,
  number = 	 {{ASCEM}-PM-2012-03-1},
  address      = {United States Department of Energy, Washington, DC}
}


%
%  Confined Aquifer Tests
%
@Article{Butler_Liu_linear_strip_1991,
  author = 	 {J. J. Butler and W. Liu},
  title = 	 {Pumping test in non-uniform aquifers -- the linear strip case},
  journal = 	 JournalOFHydrology,
  year = 	 1991,
  volume = 	 128,
  pages = 	 {69--99}
}

@Article{Butler_Liu_radially_asymmetric_1993,
  author = 	 {J. J. Butler and W. Liu},
  title = 	 {Pumping tests in nonuniform aquifers: the radially asymmetric case},
  journal = 	 {WaterResourcesResearch},
  year = 	 1993,
  volume = 	 29,
  number = 	 2,
  pages = 	 {259--269}
}

@TechReport{Lu_Harp_Birdsell_benchmarking_2014,
  author = 	 {Z. Lu and D. Harp and K. Birdsell},
  title = 	 {Comparison of the Amanzi Model against Analytical Solutions and the FEHM Model},
  institution =  {Los Alamos National Laboratory},
  year = 	 2014,
  address = 	 {Los Alamos, NM},
  annote = 	 {Technical Report LA-UR-14-20898}
}

@TechReport{Aleman_PORFLOW_2007,
  author = 	 {S. Aleman},
  title = 	 {PORFLOW Testing and Verification},
  institution =  {Savannah River National Laboratory},
  year = 	 2007,
  annote = 	 {Technical Report WSRC-STI-2007-00150 Rev 0}
}

@Article{Theis1935relation,
  author = 	 {C. V. Theis},
  title = 	 {The relation between the lowering of the piezometric surface and the rate and duration of discharge of a well using groundwater storage},
  journal =  EosTransactionsOFTHEAmericanGeophysicalUnion,
  year = 	 1935,
  volume = 	 16,
  number = 	 2,
  pages = 	 {519--524}
}

@Article{Hantush_1966_wells,
  author = {Hantush, M. S.},
  title = {Wells in homogeneous anisotropic aquifers},
  journal = WaterResourcesResearch,
  volume = 2,
  number = 2,
  pages = {273--279},
  year= 1966
}

@Article{Hantush_1966_method,
  author=  {Hantush, M. S. and Thomas, R. G.},
  title=   {A method for analyzing a drawdown test in anisotropic aquifers},
  journal= WaterResourcesResearch,
  volume=  2,
  number=  2,
  pages=   {281--285},
  year = 1966
}

%
% Codes:
%
@TechReport{Zyvoloski_FEHM_summary_1997,
  title       = {Summary of the models and methods for the FEHM application-a finite-element heat-and mass-transfer code},
  author      = {G. A. Zyvoloski and B. A. Robinson and Z. V. Dash and L. L. Trease},
  year        = 1997,
  institution = {Los Alamos National Laboratory},
  address     = {Los Alamos, NM},
  annote      = {Technical Report LA-13307-MS}
}

@TechReport{Yeh_AT123D_1981,
  author = 	 {G. T. Yeh},
  title = 	 {AT123D: Analytical transient one-, two-, and three-dimensional
                  simulation of transport in the aquifer system},
  institution =  {Oak Ridge National Laboratory},
  year = 	 1981,
  address = 	 {Oak Ridge, TN},
  annote = 	 {Technical Report No. ORNL-5602}
}

%
% Flow: Saturated
%
@Book{Darcy_1856,
  title     = {Les fontaines publiques de la ville de Dijon: exposition et application des principes a suivre et des formules a employer},
  author    = {H. Darcy},
  year      = 1856,
  publisher = {Dalmont}
}

%
% Flow: Variably Saturated
%
@Book{Dupuit_1863,
  title     = {{\'E}tudes th{\'e}oriques et pratiques sur le mouvement des eaux dans les canaux d{\'e}couverts
              et {\`a} travers les terrains perm{\'e}ables},
  author    = {J. Dupuit},
  year      = 1863,
  publisher = {Dunod},
  address   = {Paris}
}

@Book{Forchheimer_1930,
  author = 	 {P. Forchheimer},
  title = 	 {Hydraulik},
  publisher = 	 {Teubner},
  year = 	 1930,
  address = 	 {Leipzig, Berlin},
  edition = 	 {Third}
}

@Article{Richards_1931,
  author   = {L. A. Richards},
  title    = {Capillary conduction of liquids through porous mediums},
  journal  = {Physics},
  year     = 1931,
  volume   = 1,
  number   = 5,
  pages    = {318-333}
}

@article{brooks1964hydraulic,
  title={{Hydraulic properties of porous media}},
  author={Brooks, R.H. and Corey, A.T.},
  year={1964},
  journal={Hydrology Papers, Colorado State University}
}

@article{Mualem_1976,
  title={{A new model for predicting the hydraulic conductivity of unsaturated porous media}},
  author={Mualem, Y.},
  journal={Water Resour. Res},
  volume=12,
  number=3,
  pages={513--522},
  year=1976
}

@Book{Freeze_1979,
  author = 	 {R. A. Freeze and J. A. Cherry},
  title = 	 {Groundwater},
  publisher = 	 {Prentice-Hall, Inc.},
  year = 	 1979,
  address = 	 {Englewood Cliffs, NJ}
}

@article{vanGenuchten_1980,
  title={{A closed-form equation for predicting the hydraulic conductivity of unsaturated soils}},
  author={van Genuchten, M.T.},
  journal={Soil Sci. Soc. Am. J},
  volume=44,
  number=5,
  pages={892--898},
  year=1980
}

@article{vanGenuchten_1985,
  title={{On describing and predicting the hydraulic properties of unsaturated soils}},
  author={van Genuchten, M.T. and Nielsen, D.R.},
  journal={Ann. Geophys.},
  volume=3,
  pages={615--628},
  year=1985
}

@TechReport{vanGenuchten_1991,
  author = 	 {M. Th. van Genuchten and F. J. Leij and S. R. Yates},
  title = 	 {The {RETC} {C}ode for Quantifying the Hydraulic Functions of Unsaturated Soils},
  institution =  {Robert S. Kerr Environmental Research Laboratory},
  year = 	 1991,
  number = 	 {{EPA}/600/2-91/065},
  address = 	 {U.S. Environmental Protection Agency, ADA, OK },
  month = 	 {December}
}

@article{vanderborght2005set,
  author = {Vanderborght, J. and Kasteel, R. and Herbst, M. and Javaux, M. and Thiery, D. and Vanclooster, M. and Mouvet, C. and Vereecken, H.},
  title = {A Set of Analytical Benchmarks to Test Numerical Models of Flow and Transport in Soils},
  journal = VadoseZoneJournal,
  volume = 4,
  number = {1},
  pages = {206--221},
  year = 2005,
}

@article{Luckner_1989,
  title = {A consistent set of parametric models for the two-phase flow
           of immiscible fluids in the subsurface},
  author = {L. Luckner and M. T. van Genuchten and D. R. Nielsen},
  year  = 1989,
  journal = WaterResourcesResearch,
  volume = 25,
  number = 10
}

@Book{deMarsily_1986,
  author = 	 {G. de Marsily},
  title = 	 {Quantitative Hydrology},
  publisher = 	 {Academic Press},
  year = 	 1986,
  address = 	 {London}
}

@TechReport{Phifer_data_2006,
  author = 	 {Phifer, M. A., M. R. Millings, and G. P. Flach.},
  title = 	 {Hydraulic Property Data Package for the E-Area and Z-Area Soils,
                  Cementitious Materials, and Waste Zones},
  institution =  {Savannah River National Laboratory},
  year = 	 2006,
  annote = 	 {Technical Report WSRC-STI-2006-00198 Rev 0}
}


%
% Discretizations
%





%
% Multiscale Reactive Transport
%
@Article{Yoon_etal_mixing_2012,
  author = 	 {H. Yoon and A. J. Valocchi and C. J. Werth and T. Dewers},
  title = 	 {Pore-scale simulation of mixing-induced calcium carbonate
                  precipitation and dissolution in a microfluidic pore network},
  journal = 	 WaterResourcesResearch,
  year = 	 2012,
  volume = 	 48,
  number = 	 {W02524}
}

@Article{Tartakovsky_etal_mixing_2008,
  author = 	 {A. M. Tartakovsky and G. Redden and P. C. Lichtner and T. D. Scheibe and P. Meakin},
  title = 	 {Mixing-induced precipitation: Experimental study and multiscale numerical analysis},
  journal = 	 WaterResourcesResearch,
  year = 	 2008,
  volume = 	 44,
  number = 	 {W06S04}
}

@Misc{Barth_lecture_1994,
  author = 	 {T. Barth},
  title = 	 {Aspects of unstructured grids and finite-volume solvers for the Euler and Navier-Stokes equations},
  howpublished = {Lecture Notes presented at VKI Lecture Series},
  year = 	 1994}

@Book{Beirao_Lipikov_Manzini_2014,
  author = 	 {L. Beirao da Veiga and K. Lipnikov and G. Manzini},
  title = 	 {The Mimetic Finite Difference Method for Elliptic PDEs},
  publisher = 	 {Springer},
  year = 	 2014
}

@Article{Bell_etal_unsplit_1988,
  author = 	 {J.B. Bell and C.N. Dawson and G.R. Shubin},
  title = 	 {An unsplit higher order Godunov method for scalar conservation laws in multiple dimensions},
  journal = 	 JournalOFComputationalPhysics,
  year = 	 1988,
  volume = 	 74,
  pages = 	 {1--24}
}

@Article{Nonaka_etal_unsplit_3D_2011,
  author = 	 {A. Nonaka and S. May and A. S. Almgren and J. B. Bell},
  title = 	 {A three-dimensional, unsplit Godunov method ofr scalar conservation laws},
  journal = 	 {SIAM J. Sci. Comput},
  year = 	 2011,
  volume = 	 33,
  number = 	 4,
  pages = 	 {2039--2062}
}

%
%  Biogoechemistry
%
@article{Lichtner_1985,
  title     = {Continuum model for simultaneous chemical reactions and
               mass transport in hydrothermal systems},
  author    = {P. C. Lichtner},
  journal   = {Geochimica et Cosmochimica Acta},
  volume    = 49,
  number    = 3,
  pages     = {779--800},
  year      = 1985
}

@Article{Yeh_rt-evaluation_1989,
  author    = {G. T. Yeh and V. S. Tripathi},
  title     = {A critical evaluation of recent developments in hydrogeochemical
               transport models of reactive multichemical components},
  journal   = WaterResourcesResearch,
  volume    = 25,
  pages     = {93-108},
  year      = 1989
}

@Article{Steefel_1994,
  title     = {A coupled model for transport of multiple chemical species and
               kinetic precipitation/dissolution reactions with applications to
	       reactive flow in single phase hydrothermal systems},
  author    = {C. I. Steefel and A. C. Lasaga},
  journal   = {American Journal of Science},
  volume    = 294,
  number    = 5,
  pages     = {529--592},
  year      = 1994
}

@incollection{Steefel_1996,
  title     = {Approaches to modeling of reactive transport in porous media},
  author    = {C. I. Steefel and K. T. B. MacQuarrie},
  booktitle = {Reactive Transport in Porous Media, Reviews in Mineralogy and Geochemistry 34},
  pages     = {83--125},
  year      = 1996,
  publisher = {Mineral Soc America}
}

@incollection{Davis_1990,
  title={{Surface complexation modeling in aqueous geochemistry}},
  booktitle={Mineral-Water Interface Geochemistry},
  author={Davis, JA and Kent, DB},
  journal={Reviews in Mineralogy and Geochemistry},
  editor={Hochella, M. F. and White, A. F.},
  volume=23,
  pages={177--260},
  year=1990,
  publisher={Mineral Soc America}
}

@article{Davis_1998,
  title={{Application of the surface complexation concept to complex mineral assemblages}},
  author={Davis, JA and Coston, JA and Kent, DB and Fuller, CC},
  journal={Environ. Sci. Technol},
  volume={32},
  number={19},
  pages={2820--2828},
  year={1998},
  publisher={ACS Publications}
}

@article{Davis_2004,
  title={{Approaches to surface complexation modeling of Uranium (VI) adsorption on aquifer sediments1}},
  author={Davis, J.A. and Meece, D.E. and Kohler, M. and Curtis, G.P.},
  journal={Geochimica et Cosmochimica Acta},
  volume={68},
  number={18},
  pages={3621--3641},
  year={2004},
  publisher={Elsevier}
}

%
% F-Area
%
@Article{Bea_etal_UVI-plume_2013,
  author      = {S. A. Bea and H. Wainwright and N. Spycher and B. Faybishenko
                 and S. S. Hubbard and M. E. Denham},
  title       = {Identifying key controls on the behavior of an acidic-{U(VI)} plume
                 in the Savannah River Site using reactive transport modeling},
  journal     = {Journal of Contaminant Hydrology},
  year        = 2013,
  volume      = 151,
  pages       = {34--54}
}

@Book{Guillaumont_chem-thermo_2003,
  author = 	 {R. Guillaumont and T. Fanghanel and J. Fuger and I. Grenthe
                  and V. Neck and D.A. Palmer and M. H. Rand},
  title = 	 {Chemical Thermodynamics 5},
  publisher = 	 {OECD Nuclear Energy Agency, Elsevier, Amsterdam},
  year = 	 2003
}

@Article{Pokrovskii_thermo-props_1995,
  author = 	 {V. A. Pokrovskii and H. C. Helgeson},
  title = 	 {Thermodynamic properties of aqueous species and the solubilities of
                  minerals at high pressures and temperatures: the system Al2O3–H2O–NaCl},
  journal = 	 {Am. J. Sci.},
  year = 	 1995,
  volume = 	 295,
  pages = 	 {1255--1342}
}

@TechReport{Millings_SRNL_2012,
  author       = {M.R. Millings and B.B. Looney and M.E. Denham},
  title        = {Geochemical modeling of F Area seepage basin composition and variability},
  institution  = {Savannah River National Laboratory},
  year         = 2012,
  annote       = {Technical Report STI-2012-00269},
  url          = {http://sti.srs.gov/fulltext/SRNL-STI-2012-00269.pdf}
}

@TechReport{Wolery_thermo-data_2007,
  author = 	 {T. J. Wolery and C. F. Jove Colon},
  title = 	 {Qualification of thermodynamic data for geochemical modeling of mineral–water
                  interactions in dilute systems},
  institution =  {Sandia National Laboratory},
  year = 	 2007,
  address = 	 {Las Vegas, Nevada},
  annote = 	 {Report ANL-WIS-GS-000003 REV 01, ACC: DOC.20070619.0007 }
}

@InCollection{Nordstrom_oxidation_1982,
  author      = {D. K. Nordstrom},
  title       = {Aqueous pyrite oxidation and the consequent formation of secondary iron minerals},
  booktitle   = {Acid Sulfate Weathering},
  publisher   = {Soil Sci. Soc. Am.},
  year        = 1982,
  editor      = {J. A. Kittrick and D. S. Fanning and L. R. Hossner},
  pages       = {37--56}
}

@TechReport{Sonnenthal_YuccaMtn_2000,
  author = 	 {E. Sonnenthal and N. Spycher},
  title = 	 {Drift-scale coupled processes model, Analysis and model report (AMR) N0120/U0110},
  institution =  {Yucca Mountain Nuclear Waste Disposal Project},
  year = 	 2000,
  address = 	 {Lawrence Berkeley National Laboratory, Berkeley, CA}
}

@Article{Yang_Steefel_kaolinite_2008,
  author = 	 {L. Yang and C. I. Steefel},
  title = 	 {Kaolinite dissolution and precipitation kinetics at 22C and pH 4},
  journal = 	 {Geochimica Cosmochimica Acta},
  year = 	 2008,
  volume = 	 72,
  number = 	 1,
  pages = 	 {99--116}
}



