%
%  Amanzi
%

@InProceedings{Wainwright-et-al::2016,
  author   = {Wainwright, H. and Faybishenko, B. and Molins, S. and Davis, J. and Arora, B. and Pau, G. and 
              Johnson, J. and Flash, G. and Denham, M. and Eddy-Dilek, C. and Moulton, D. and Lipnikov, K. and 
              Gable, C. and Miller, T. and Baker, E. and Freedman, V. and Freshley, M},
  title    = {Effective long-term monitoring strategies by integrating reactive transport models with in situ geochemical measurements},
  booktitle= {Proceedings of the Waste Management Conference},
  note     = {Phoenix, AZ, March 6–10},
  year     = {2016},
}

@InProceedings{Wainwright-et-al::2015,
  author   = {Wainwright, H. and Molins, S. and Krishnan, H. and Arora, B. and Romosan, A. and Davis, J.A. and 
              Faybishenko, B. and Hubbard, S. and Flash, G. and Denham, M. and Eddy-Dilek, C. and Moulton, D. and Lipnikov, K. and 
              Gable, C. and Miller, T. and Freshley, M},
  title    = {Advanced simulation capability for environmental management, integrated toolsets and simulator to enhance public communication},
  booktitle= {Proceedings of the Waste Management Conference},
  note     = {Phoenix, AZ, March},
  year     = {2015},
}

@InProceedings{Freshley-et-al::2014,
  author   = {Freshley, M. and Scheibe, T. and Moulton, D. and Freedman, V. and Hubbard, S.S. and Finsterle, S. and 
              Steefel, C.I. and Wainwright, H. and Flach, G. and Seitz, R. and Dixon, P. and Marble, J.},
  title    = {Advanced Simulation Capability for Environmental Management Initial User Release},
  booktitle= {Proceedings of the Waste Management Conference},
  note     = {Phoenix, AZ, March 2-6},
  year     = {2014},
}

@Article{Libera-et-al:JCH:2019,
  author  = {Libera, A. and de~Barros, F.P.J. and Faybishenko, B. and Eddy-Dilek, C. and 
             Denham, M. and Lipnikov, K. and Moulton, D. and Maco, B. and Wainwright, H.},
  title   = {Climate change impact on residual contaminants under sustainable remediation},
  journal = {Journal of Contaminant Hydrology},
  volume  = {226},
  pages   = {103518},
  year    = {2019},
  doi     = {10.1016/j.jconhyd.2019.103518},
}

@InProceedings{Wainwright-et-al::2020,
  author   = {Wainwright, H. and Arora, B. and Hubbard, S. and Lipnikov, K. and Moulton, D. and 
              Flach, G. and Eddy‐Dilek, C. and Denham, M.},
  title    = {Sustainable Remediation in Complex Geologic Systems},
  booktitle= {Encyclopedia of Inorganic and Bioinorganic Chemistry},
  year     = {2020},
  editor   = {Scott, R.A.},
  doi      = {10.1002/9781119951438.eibc2562},
}

@InProceedings{Wainwright-et-al::2017,
  author   = {Wainwright, H. and Faybishenko, B. and Molins, S. and Pau, G. and Denham, M. and 
              Amidon, M. and Moulton, D. and Lipnikov, K. and Freedman, V. and Freshley, M. and Eddy-Dilek, C.},
  title    = {Coupling big data analytics and reactive transport modeling for cost-effective groundwater monitoring},
  booktitle= {Proceedings of the Waste Management Conference},
  note     = {Phoenix, AZ, March 5–9},
  year     = {2017},
}

@Article{Berre-et-al:2020,
  author  = {Berre, I. and Boon, E.M. and Flemisch, B. and Fumagalli, A. and Gläser, D. and 
             Keilegavlen, E. and Scotti, A. and Stefansson, I. and Tatomir, A. and Brenner, K. and 
             Burbulla, S. and Devloo, P. and Duran, O. and Favino, M. and Hennicker, J. and 
             Lee, I-H. and Lipnikov, K. and Masson, R. and Mosthaf, K. and Chiara Nestola, M.G. and 
             Ni, C.-F. and Nikitin, K.L. and Schädle, P. and Svyatskiy, D. and Yanbarisov R. and Zulian, P.},
  title   = {Verification benchmarks for single-phase flow in three-dimensional fractured porous media},
  journal = {Advances in Water Resources},
  volume  = {xxx},
  year    = {2020},
  note    = {in review, arXiv:2002.07005},
}

@Article{Bui-et-al:2018,
  author  = {Bui, Q.M. and Wang, L. and Osei-Kuffuor, D.},
  title   = {Algebraic multigrid preconditioners for two-phase flow in porous media with phase transitions},
  journal = {Advances in Water Resources},
  volume  = {114},
  pages   = {19--28},
  year    = {2018},
  doi     = {10.1016/j.advwatres.2018.01.027},
}

@Article{Manzini-et-al:2017,
  author  = {Manzini, G. and Lipnikov, K. and Moulton, J.D. and Shashkov, M.},
  title   = {Convergence analysis of the mimetic finite difference method for elliptic problems with 
             staggered discretizations of diffusion coefficients},
  journal = {SIAM J. Numer. Anal.},
  volume  = {55},
  number  = {6},
  pages   = {2956--2981}, 
  year    = {2017},
  doi     = {10.1137/16M1108479},
}

@Article{Bui-et-al:2017,
  author  = {Bui, Q.M. and Elman, H. and Moulton, J.D.},
  title   = {Algebraic multigrid preconditioners for multiphase flow in porous media},
  journal = {SIAM J. Sci. Comput.},
  volume  = {39},
  number  = {5},
  pages   = {S662--S680},
  year    = {2017},
  doi     = {10.1137/16M1082652},
}

@Article{Lipnikov-et-al:2016,
  author  = {Lipnikov, K. and Moulton, D. and Svyatskiy, D.},
  title   = {New preconditioning strategy for {J}acobian-free solvers for variably saturated flows with {R}ichards equation},
  journal = {Adv. Water Resour.},
  volume  = {94},
  pages   = {11--22},
  year    = {2016},
  doi     = {10.1016/j.advwatres.2016.04.016},
}

@Article{Lipnikov-et-al:2016b,
  author  = {Lipnikov, K. and Manzini, G. and Moulton, J.D. and Shashkov, M.},
  title   = {The mimetic finite difference method for elliptic and parabolic problems with 
             a staggered discretization of diffusion coefficient},
  journal = {J. Comput. Phys.},
  volume  = {305},
  pages   = {111--126},
  year    = {2016},
  doi     = {10.1016/j.jcp.2015.10.031},
}

@Article{Garimella-et-al:2014,
  author  = {Garimella, R.V. and Perkins, W.A. and Buksas, M.W. and Berndt, M. and Lipnikov, K. and
             Coon, E. and Moulton, J.D. and Painter, S.L.},
  title   = {Mesh infrastructure for coupled multiprocess geophysical simulations},
  journal = {Procedia Engineering},
  volume  = {82},
  pages   = {34--45},
  year    = {2014},
  doi     = {10.1016/j.proeng.2014.10.371},
}


