

%
%  ASCEM: Internal reports
%
@TechReport{ASCEM-SiteApps,
  author       = {R. Seitz and M. Freshley and B. Faybishenko
                  and S. Hubbard and D. Watson and R. Roback
                  and J. Blink and A. Armstrong},
  title        = {User Suggestions for ASCEM Requirements Documents},
  institution  = {Savannah River National Laboratory},
  year         = 2010,
  number       = {SRNL-RP-2010-00856}
}

@TECHREPORT{ASCEM-SITE-102010-01,
  author = {Hubbard, Susan et al.},
  title = {ASCEM Phase 1 Demonstration},
  institution = {Pacific Northwest National Laboratory},
  year = 2010,
  number = {ASCEM-SITE-102010-01},
}

@TECHREPORT{ASCEM-HPC-ProcessModels_2010,
  author = {C. Steefel and D. Moulton and P. Lichtner et al.},
  title  = {Mathematical Formulation Requirements and Specifications for the
	    Process Models},
  institution = {Lawerence Berkeley National Laboratory},
  year = 2010,
  number = {ASCEM-HPC-101510-0},
}

@TechReport{ASCEM-HPC-ProcessModels_2011,
  author = 	 {C. Steefel and D. Moulton and P. Lichtner et al.},
  title = 	 {Mathematical Formulation Requirements
                  and Specifications for the Process Models},
  institution =  {Lawerence Berkeley National Laboratory},
  year = 	 2011,
  number = 	 {ASCEM-HPC-2011-01-0a}
}

@TechReport{ASCEM_Amanzi_HighLevelDesign_2012,
  author       = {J. D. Moulton and J. C. Meza and M. W. Buksas and 
                  M. Day et al.},
  title        = {High-Level Design of {A}manzi, 
                  the Multi-Process High Performance Computing Simualtor},
  institution  = {Office of Environmental Management},
  year = 	 2012,
  number = 	 {ASCEM-HPC-2011-03-1 (LANL: {LA-UR}~12-22193)},
  address      = {United States Department of Energy, Washington, DC}
}

@TechReport{ASCEM-PIT-SystemRequirements_2010,
  author = {Gorton et al.},
  title = {System Requirements for ASCEM Platform and Integrated Toolsets},
  institution = {Pacific Northwest National Laboratory},
  year = {2010},
  number = {ASCEM-PIT-102710-03}
}

% 
%  Project Management: Quality Assurance Documentation
% 
@TechReport{ASCEM-PM-QAP_2010,
  author      =	 {R. {Schrotke, Jr.} and S. Matthews},
  title       =	 {{ASCEM} {P}roject Quality Assurance Plan},
  institution =  {Office of Environmental Management},
  year        =	 2010,
  number      =	 {{ASCEM}-PM-QAP-110810 Rev. 0},
  address      = {United States Department of Energy, Washington, DC}
}

@TechReport{ASCEM-PM-ISQAP-BasicPhase_2012,
  author = 	 {R. {Schrotke, Jr.} and S. Matthews},
  title = 	 {{ASCEM} {I}mplementation {S}oftware {Q}uality {A}ssurance 
                  {P}lan -- {B}asic {P}hase},
  institution  = {Office of Environmental Management},
  year = 	 2012,
  number = 	 {{ASCEM}-PM-2012-01-1},
  address      = {United States Department of Energy, Washington, DC}
}

@TechReport{ASCEM-PM-CM-BasicPhase_2012,
  author = 	 {R. {Schrotke, Jr.} and S. Matthews},
  title = 	 {{ASCEM} {S}oftware {C}onfiguration {M}anagement {P}lan --
                  {B}asic {P}hase},
  institution  = {Office of Environmental Management},
  year = 	 2012,
  number = 	 {{ASCEM}-PM-2012-02-1},
  address      = {United States Department of Energy, Washington, DC}
}

@TechReport{ASCEM-PM-VV-BasicPhase_2012,
  author = 	 {R. {Schrotke, Jr.} and S. Matthews},
  title = 	 {{ASCEM} {S}oftware {V}erification and {V}alidation {P}lan --
                  {B}asic {P}hase},
  institution  = {Office of Environmental Management},
  year = 	 2012,
  number = 	 {{ASCEM}-PM-2012-03-1},
  address      = {United States Department of Energy, Washington, DC}
}

@TechReport{Freshley-et-al:2012,
  author   = {Freshley, M. and Hubbard, S. and Gorton, I. and Moulton, J.D. and Steefel, C.I. and Freedman, V. and Wainwright, H. and et al.},
  title    = {Advanced Simulation Capability for Environmental Management ({ASCEM}) phase II Demonstration},
  institution = {Office of Environmental Management, United States Department of Energy, Washington, DC},
  address  = {Sandia National Laboratories, Albuquerque, NM},
  year     = {2012},
  number   = {ASCEM-SITE-2012-01, also LA-UR 12-25496}, 
}

@TechReport{Moulton-et-al:2012,
  author   = {Moulton, J.D. and Meza, J.C. and Buksas, M.W. and Day, M. and et al},
  title    = {High-level design of {A}manzi, the multi-process high performance computing simulator},
  institution = {Office of Environmental Management, United States Department of Energy, Washington, DC},
  address  = {Sandia National Laboratories, Albuquerque, NM},
  year     = {2012},
  number   = {ASCEM-HPC-2011-03-1, also LA-UR 12-22193}, 
}

@TechReport{Hubbard-et-al:2010,
  author   = {Hubbard, S. and Freshley, M. and Moulton, D. and Lichtner, P. and Bell, J. and et al.},
  title    = {{ASCEM} Phase {I} Demonstration},
  institution = {Office of Environmental Management, United States Department of Energy, Washington, DC},
  address  = {Sandia National Laboratories, Albuquerque, NM},
  year     = {2010},
  number   = {ASCEM-SITE-102010-1}, 
}



