% This file was created with JabRef 2.10.
% Encoding: ISO8859_1


@Article{bourg2008modeling,
  Title                    = {Modeling the diffusion of {Na+} in compacted water-saturated {Na-bentonite} as a function of pore water ionic strength},
  Author                   = {Bourg, I.C. and Sposito, G. and Bourg, A.},
  Journal                  = {Applied Geochemistry},
  Year                     = {2008},
  Number                   = {12},
  Pages                    = {3635--3641},
  Volume                   = {23},

  Publisher                = {Elsevier}
}

@Book{denbigh1981principles,
  Title                    = {The principles of chemical equilibrium: with applications in chemistry and chemical engineering},
  Author                   = {Denbigh, K.G.},
  Publisher                = {Cambridge Univ Pr},
  Year                     = {1981}
}

@Book{lasaga1998kinetic,
  Title                    = {Kinetic theory in the earth sciences},
  Author                   = {Lasaga, A.C.},
  Publisher                = {Princeton Univ Pr},
  Year                     = {1998}
}

@InCollection{lichtner_1996,
  Title                    = {Continuum formulation of multicomponent-multiphase reactive transport},
  Author                   = {Lichtner, P. C.},
  Booktitle                = {Reactive Transport in Porous Media, Reviews in Mineralogy and Geochemistry {\bf 34}},
  Publisher                = {Mineral Soc America},
  Year                     = {1996},
  Editor                   = {P. C. Lichtner and C. I. Steefel, and E. H. Oelkers},
  Pages                    = {1--81}
}

@Article{lichtner_1985,
  Title                    = {Continuum model for simultaneous chemical reactions and mass transport in hydrothermal systems},
  Author                   = {Lichtner, P. C.},
  Journal                  = {Geochimica et Cosmochimica Acta},
  Year                     = {1985},
  Number                   = {3},
  Pages                    = {779--800},
  Volume                   = {49},

  Publisher                = {Elsevier}
}

@Article{millington1961permeability,
  Title                    = {Permeability of porous solids},
  Author                   = {Millington, RJ and Quirk, JP},
  Journal                  = {Transactions of the Farada Society},
  Year                     = {1961},
  Pages                    = {1200--1207},
  Volume                   = {57},

  Publisher                = {Royal Society of Chemistry}
}

@Article{moldrup2000predicting,
  Title                    = {Predicting the gas diffusion coefficient in undisturbed soil from soil water characteristics},
  Author                   = {Moldrup, P. and Olesen, T. and Schjonning, P. and Yamaguchi, T. and Rolston, DE},
  Journal                  = {Soil Science Society of America Journal},
  Year                     = {2000},
  Number                   = {1},
  Pages                    = {94},
  Volume                   = {64},

  Publisher                = {Soil Sci Soc America}
}

@Article{navarre2009evolution,
  Title                    = {Evolution of porosity and diffusivity associated with chemical weathering of a basalt clast},
  Author                   = {Navarre-Sitchler, A. and Steefel, C.I. and Yang, L. and Tomutsa, L. and Brantley, S.L.},
  Journal                  = {Journal of Geophysical Research-Earth Surface},
  Year                     = {2009},
  Number                   = {F2},
  Pages                    = {F02016},
  Volume                   = {114},

  Publisher                = {American Geophysical Union}
}

@Article{neuman1990universal,
  Title                    = {Universal scaling of hydraulic conductivities and dispersivities in geologic media},
  Author                   = {Neuman, S.P.},
  Journal                  = {Water Resources Research},
  Year                     = {1990},
  Number                   = {8},
  Pages                    = {1749--1758},
  Volume                   = {26}
}

@Book{newman2004electrochemical,
  Title                    = {Electrochemical systems},
  Author                   = {Newman, J.S. and Thomas-Alyea, K.E.},
  Publisher                = {Wiley-Interscience},
  Year                     = {2004}
}

@Article{onsager1931reciprocal,
  Title                    = {Reciprocal Relations in Irreversible Processes. I.},
  Author                   = {Onsager, L.},
  Journal                  = {Physical Review},
  Year                     = {1931},
  Number                   = {4},
  Pages                    = {405--426},
  Volume                   = {37},

  Publisher                = {APS}
}

@Book{prigogine1968introduction,
  Title                    = {Introduction to Thermodynamics of Irreversible Processes},
  Author                   = {I. Prigogine},
  Publisher                = {John Wiley \& Sons, Inc.},
  Year                     = {1968}
}

@Article{simunek-vangenuchten_2008,
  Title                    = {Modeling Nonequilibrium Flow and Transport Processes Using {HYDRUS}},
  Author                   = {Simunek, J. and van~Genuchten, M.},
  Journal                  = {Vadose Zone J.},
  Year                     = {2008},
  Number                   = {2},
  Pages                    = {782--797},
  Volume                   = {7}
}

@Article{steefel_2005,
  Title                    = {Reactive transport modeling: An essential tool and a new research approach for the Earth sciences},
  Author                   = {Steefel, C.I. and DePaolo, D.J. and Lichtner, P.C.},
  Journal                  = {Earth and Planetary Science Letters},
  Year                     = {2005},
  Number                   = {3-4},
  Pages                    = {539--558},
  Volume                   = {240},

  Publisher                = {Elsevier}
}

@Misc{sumner-handbook,
  Title                    = {Handbook of soil science, 2000},

  Author                   = {Sumner, ME},

  Publisher                = {CRC Press, Boca Raton, Fla}
}

@Other{lichtner_1994,
  Title                    = {Principles and Practice of Reactive Transport Modeling, Scientific Basis for Nuclear Waste Management XVIII, Part 1},
  Address                  = {Kyoto, Japan},
  Booktitle                = {Mat. Res. Symp. Proc. {\bf 353}},
  Editor                   = {T. Murakami and R. C. Ewing},
  Pages                    = {117--130},
  Volume                   = {353},
  Year                     = {1994}
}

